<?xml version="1.0" encoding="UTF-8" ?>
<record Numero="13958650" format="InterXMarc_Complet" type="Authority">
<leader>00835c0 au2200027   45  <Pos Code="0004">00835</Pos>
<Pos Code="05" Sens="notice modifiée">c</Pos>
<Pos Code="06" Sens="notice validée par les services d&apos;autorité">0</Pos>
<Pos Code="08" Sens="notice d&apos;autorité">a</Pos>
<Pos Code="09" Sens="titre uniforme musical (TUM)">u</Pos>
<Pos Code="10">2</Pos>
<Pos Code="11">2</Pos>
<Pos Code="1216">00027</Pos>
<Pos Code="20">4</Pos>
<Pos Code="21">5</Pos>
</leader>
<controlfield tag="001">FRBNF139586500<Pos Code="0001">FR</Pos>
<Pos Code="0204">BNF</Pos>
<Pos Code="0512">13958650</Pos>
<Pos Code="13">0</Pos>
</controlfield>
<controlfield tag="008">930930141208yy    uu        19901115  19901116               1   <Pos Code="0001">93</Pos>
<Pos Code="0203">09</Pos>
<Pos Code="0405">30</Pos>
<Pos Code="0607">14</Pos>
<Pos Code="0809">12</Pos>
<Pos Code="1011">08</Pos>
<Pos Code="1213" Sens="ne s&apos;applique pas">yy</Pos>
<Pos Code="1820" Sens="forme inconnue">uu </Pos>
<Pos Code="2831">1990</Pos>
<Pos Code="3233">11</Pos>
<Pos Code="3435">15</Pos>
<Pos Code="3841">1990</Pos>
<Pos Code="4243">11</Pos>
<Pos Code="4445">16</Pos>
<Pos Code="61" Sens="La vedette peut être liée à une notice bibliographique sauf pour l&apos;accès matière RAMEAU">1</Pos>
</controlfield>
<datafield tag="048" ind1=" " ind2=" ">
	<subfield code="b">vg01<Pos Code="0001" Sens="voix - haute-contre">vg</Pos>
<Pos Code="02">0</Pos>
<Pos Code="03">1</Pos>
</subfield>
	<subfield code="a">ca01<Pos Code="0001" Sens="choeurs - mixte (4 voix SATB)">ca</Pos>
<Pos Code="02">0</Pos>
<Pos Code="03">1</Pos>
</subfield>
	<subfield code="a">sg01<Pos Code="0001" Sens="cordes frottées - viole de gambe">sg</Pos>
<Pos Code="02">0</Pos>
<Pos Code="03">1</Pos>
</subfield>
	<subfield code="a">sc01<Pos Code="0001" Sens="cordes frottées - violoncelle">sc</Pos>
<Pos Code="02">0</Pos>
<Pos Code="03">1</Pos>
</subfield>
</datafield>
<datafield tag="100" ind1=" " ind2=" ">
	<subfield code="3">13898078</subfield>
	<subfield code="w">.0..b.....</subfield>
	<subfield code="a">Ohana</subfield>
	<subfield code="m">Maurice</subfield>
	<subfield code="d">1913-1992</subfield>
</datafield>
<datafield tag="144" ind1="1" ind2=" ">
	<subfield code="w">....b.fre.</subfield>
	<subfield code="a">Nuit de Pouchkine</subfield>
	<subfield code="k">MO 104</subfield>
</datafield>
<datafield tag="600" ind1=" " ind2=" ">
	<subfield code="a">Sur un extrait du poème d&apos;Alexandre Pouchkine &quot;Le cavalier de bronze&quot; adapté par Maurice Ohana</subfield>
	<subfield code="a">Dédicace : &quot;À mes amis de Musicatreize&quot;</subfield>
	<subfield code="a">Dates de composition : 15-16 novembre 1990</subfield>
	<subfield code="a">1re exécution : Léningrad, couvent de Smolny, 16 novembre 1990, par Marc Pontus (contre-ténor), Sylvie Moquet (viole de gambe) et l&apos;Ensemble Musicatreize, sous la direction de Roland Hayrabedian</subfield>
</datafield>
<datafield tag="608" ind1=" " ind2=" ">
	<subfield code="a">viole de gambe (1) ou violoncelle (1)</subfield>
</datafield>
<datafield tag="610" ind1=" " ind2=" ">
	<subfield code="a">Maurice Ohana / François Porcile, Édith Canat de Chizy, 2005</subfield>
</datafield>
<datafield tag="610" ind1=" " ind2=" ">
	<subfield code="a">Grove music online</subfield>
	<subfield code="u">http://www.oxfordmusiconline.com</subfield>
	<subfield code="d">2012-06-08</subfield>
</datafield>
<datafield tag="917" ind1=" " ind2=" ">
	<subfield code="o">OPC</subfield>
	<subfield code="a">100897670</subfield>
</datafield>
<Alter Ori="13898078">
<datafield tag="031" ind1=" " ind2=" ">
	<subfield code="a">0000000121484903</subfield>
	<subfield code="2" Sens="ISNI chargé à partir de VIAF">VIAF</subfield>
	<subfield code="d">20130731<Pos Code="0003">2013</Pos>
<Pos Code="0407" Sens="31 juillet">0731</Pos>
</subfield>
</datafield>
</Alter>
<Attr Nom="IDPerenne">ark:/12148/cb139586509</Attr>
<Attr Nom="NumSource">OPC 100897670</Attr>
<Attr Nom="Source" Sens="BnF catalogue général (depuis 1999)">A</Attr>
<Attr Nom="NumAutoriteLiee">13898078</Attr>
<Attr Nom="DateCreation">30/09/ 1993</Attr>
<Attr Nom="ResponsableCreation">MIGV2</Attr>
<Attr Nom="StructCreation">1</Attr>
<Attr Nom="DateDerniereValidation">08/12/ 2014</Attr>
<Attr Nom="ResponsableDerniereValidation">PUYRENIER FREDERIC</Attr>
<Attr Nom="StructPremiereValidation">1</Attr>
<Attr Nom="DatePremiereValidation">30/09/ 1993</Attr>
<Attr Nom="ResponsablePremiereValidation">MIGV2</Attr>
<Attr Nom="StructDerniereValidation">82</Attr>
<Attr Nom="NumSource">OPS 000326700</Attr>
</record>
